@article{doliskani2017drinfeld,
  title={Drinfeld Modules with Complex Multiplication, Hasse Invariants and Factoring Polynomials 
over Finite Fields},
  author={Doliskani, Javad and Narayanan, Anand Kumar and Schost, {\'E}ric},
  journal={arXiv preprint arXiv:1712.00669},
  year={2017}
}

@article{von1992computing,
  title={Computing Frobenius maps and factoring polynomials},
  author={Von Zur Gathen, Joachim and Shoup, Victor},
  journal={Computational complexity},
  volume={2},
  number={3},
  pages={187--224},
  year={1992},
  publisher={Springer}
}

@article{cantor1981new,
  title={A new algorithm for factoring polynomials over finite fields},
  author={Cantor, David G and Zassenhaus, Hans},
  journal={Mathematics of Computation},
  pages={587--592},
  year={1981},
  publisher={JSTOR}
}

@inproceedings{pan2002acceleration,
  title={Acceleration of Euclidean algorithm and extensions},
  author={Pan, Victor Y and Wang, Xinmao},
  booktitle={Proceedings of the 2002 international symposium on Symbolic and algebraic computation},
  pages={207--213},
  year={2002},
  organization={ACM}
}

@article{childs2010quantum,
  title={Quantum algorithms for algebraic problems},
  author={Childs, Andrew M and Van Dam, Wim},
  journal={Reviews of Modern Physics},
  volume={82},
  number={1},
  pages={1},
  year={2010},
  publisher={APS}
}

@inproceedings{cleve1998quantum,
  title={Quantum algorithms revisited},
  author={Cleve, Richard and Ekert, Artur and Macchiavello, Chiara and Mosca, Michele},
  booktitle={Proceedings of the Royal Society of London A: Mathematical, Physical and Engineering 
Sciences},
  volume={454},
  number={1969},
  pages={339--354},
  year={1998},
  organization={The Royal Society}
}


@article{hallgren2003hidden,
  title={The hidden subgroup problem and quantum computation using group representations},
  author={Hallgren, Sean and Russell, Alexander and Ta-Shma, Amnon},
  journal={SIAM Journal on Computing},
  volume={32},
  number={4},
  pages={916--934},
  year={2003},
  publisher={SIAM}
}


@InProceedings{guo_et_al:LIPIcs:2016:6460,
  author = {Zeyu Guo and Anand Kumar Narayanan and Chris Umans},
  title = {{Algebraic Problems Equivalent to Beating Exponent 3/2 for Polynomial Factorization over 
Finite Fields}},
  booktitle = {41st International Symposium on Mathematical Foundations of Computer Science (MFCS 
2016)},
  pages = {47:1--47:14},
  year = {2016},
  volume = {58},
}

@article {KaSh98,
    AUTHOR = {Kaltofen, E. and Shoup, V.},
     TITLE = {Subquadratic-time factoring of polynomials over finite fields},
  JOURNAL = {Mathematics of Computation},
    VOLUME = {67},
      YEAR = {1998},
    NUMBER = {223},
     PAGES = {1179--1197},
}

@article{Berlekamp70,
 author = {E. R. Berlekamp},
 journal = {Mathematics of Computation},
 number = {111},
 pages = {713--735},
 publisher = {American Mathematical Society},
 title = {Factoring Polynomials Over Large Finite Fields},
 volume = {24},
 year = {1970}
}


@article{knopfmacher1999degrees,
	title={On the degrees of irreducible factors of polynomials over a finite field},
	author={Knopfmacher, Arnold},
	journal={Discrete mathematics},
	volume={196},
	number={1-3},
	pages={197--206},
	year={1999},
	publisher={Elsevier}
}

@article{de2000quantum,
  title={Quantum Fourier transforms for extracting hidden linear structures infinite elds},
  author={de Beaudrapy, J Niel and Cleve, Richard and Watrous, John},
  journal={arXiv preprint quant-ph/0011065},
  year={2000},
  publisher={Citeseer}
}

@book{nielsen2010quantum,
	title={Quantum computation and quantum information},
	author={Nielsen, Michael A and Chuang, Isaac L},
	year={2010},
	publisher={Cambridge university press}
}

@book{kaye2007introduction,
	title={An introduction to quantum computing},
	author={Kaye, Phillip and Laflamme, Raymond and Mosca, Michele},
	year={2007},
	publisher={Oxford University Press}
}

@article{dixon2004degree,
	title={The degree of the splitting field of a random polynomial over a finite field},
	author={Dixon, John D and Panario, Daniel},
	journal={the electronic journal of combinatorics},
	volume={11},
	number={1},
	pages={70},
	year={2004}
}

@article{erdos1965some,
	title={On some problems of a statistical group theory I},
	author={Erdos, P and Tur{\'a}n, P},
	journal={Z. Wahrscheinlichkeitstheorie verw. Geb},
	volume={4},
	pages={175--186},
	year={1965},
	publisher={Citeseer}
}

@article{erdos1967some,
	title={On some problems of a statistical group-theory. II},
	author={Erdos, Paul and Tur{\'a}n, P},
	journal={Acta Math. Acad. Sci. Hungar},
	volume={18},
	number={1-2},
	pages={151--163},
	year={1967},
	publisher={Springer}
}

@article{kedlaya2011fast,
	title={Fast polynomial factorization and modular composition},
	author={Kedlaya, Kiran S and Umans, Christopher},
	journal={SIAM Journal on Computing},
	volume={40},
	number={6},
	pages={1767--1802},
	year={2011},
	publisher={SIAM}
}

